@article{danckwerts1966absorption,
	title={The absorption of carbon dioxide into solutions of alkalis and amines (with some notes on hydrogen sulfide and carbonyl sulfide)},
	author={Danckwerts, P. V. and Sharma, M. M.},
	journal={Chemical Engineering},
	volume={244},
	year={1966}
}
@techreport{stolaroff2013carbonate,
	title={Carbonate solutions for carbon capture: A summary},
	author={Stolaroff, J. K.},
	year={2013},
	institution={Lawrence Livermore National Lab.(LLNL), Livermore, CA (United States)},
	url={https://doi.org/10.2172/1097716},
	doi={https://doi.org/10.2172/1097716}
}
@article{notz2011co2,
	title={{CO$_2$} Capture for Fossil Fuel-Fired Power Plants},
	author={Notz, R. J. and Toennies, I. and McCann, N. and Scheffknecht, G. and Hasse, H.},
	journal={Chemical Engineering \& Technology},
	volume={34},
	number={2},
	pages={163--172},
	year={2011},
	publisher={Wiley Online Library},
	url={https://doi.org/10.1002/ceat.201000491},
	doi={https://doi.org/10.1002/ceat.201000491}
}
@article{knuutila2010density,
	title={Density and {N$_2$O} solubility of sodium and potassium carbonate solutions in the temperature range 25 to 80 $^\circ${C}},
	author={Knuutila, H. and Juliussen, O. and Svendsen, H. F.},
	journal={Chemical Engineering Science},
	volume={65},
	number={6},
	pages={2177--2182},
	year={2010},
	publisher={Elsevier},
	url={https://doi.org/10.1016/j.ces.2009.12.015},
	doi={https://doi.org/10.1016/j.ces.2009.12.015}
}
@article{versteeg1988solubility,
	title={Solubility and diffusivity of acid gases (carbon dioxide, nitrous oxide) in aqueous alkanolamine solutions},
	author={Versteeg, G. F. and Van Swaaij, W. P. M.},
	journal={Journal of Chemical \& Engineering Data},
	volume={33},
	number={1},
	pages={29--34},
	year={1988},
	publisher={ACS Publications},
	url={https://doi.org/10.1021/je00051a011},
	doi={https://doi.org/10.1021/je00051a011}
}
@book{kohl1997gas,
	title={Gas purification},
	author={Kohl, A. L. and Nielsen, R.},
	year={1997},
	publisher={Elsevier},
	edition = {5}
}
@book{danckwerts1970gas,
	title={Gas-liquid reactions},
	author={Danckwerts, P. V.},
	year={1970},
	publisher={McGraw-Hill New York}
}
@book{astaria1983gas,
	title={Gas treating with chemical solvents},
	author={Astarita, G. and Savage, D. W. and Bisio, A.},
	year={1983},
	publisher={J. Wiley and Sons, New York, NY}
}
@book{astarita1967mass,
	title={Mass transfer with chemical reaction},
	author={Astarita, G.},
	Publisher={Elsevier Publishing Co.},
	year={1967}
}
@article{pinsent1956kinetics,
	title={The kinetics of combination of carbon dioxide with hydroxide ions},
	author={Pinsent, B. R. W. and Pearson, L. and Roughton, F. J. W.},
	journal={Transactions of the Faraday Society},
	volume={52},
	pages={1512--1520},
	year={1956},
	publisher={Royal Society of Chemistry},
	url={https://doi.org/10.1039/TF9565201512},
	doi={https://doi.org/10.1039/TF9565201512}
}
@article{nijsing1959absorption,
	title={Absorption of {CO}$_2$ in jets and falling films of electrolyte solutions, with and without chemical reaction},
	author={Nijsing, R. A. T. O. and Hendriksz, R. H. and Kramers, H.},
	journal={Chemical Engineering Science},
	volume={10},
	number={1-2},
	pages={88--104},
	year={1959},
	publisher={Elsevier},
	url={https://doi.org/10.1016/0009-2509(59)80028-2},
	doi={https://doi.org/10.1016/0009-2509(59)80028-2}
}
@article{savage1980chemical,
	title={Chemical absorption and desorption of carbon dioxide from hot carbonate solutions},
	author={Savage, D. W. and Astarita, G. and Joshi, S.},
	journal={Chemical Engineering Science},
	volume={35},
	number={7},
	pages={1513--1522},
	year={1980},
	publisher={Elsevier},
	url={https://doi.org/10.1016/0009-2509(80)80045-5},
	doi={https://doi.org/10.1016/0009-2509(80)80045-5}
}
@article{pohorecki1988kinetics,
	title={Kinetics of reaction between carbon dioxide and hydroxyl ions in aqueous electrolyte solutions},
	author={Pohorecki, R. and Moniuk, W.},
	journal={Chemical Engineering Science},
	volume={43},
	number={7},
	pages={1677--1684},
	year={1988},
	publisher={Elsevier},
	url={https://doi.org/10.1016/0009-2509(88)85159-5},
	doi={https://doi.org/10.1016/0009-2509(88)85159-5}
}
@article{kucka2002kinetics,
	title={Kinetics of the gas- liquid reaction between carbon dioxide and hydroxide ions},
	author={Kucka, L. and Kenig, E. Y. and Gorak, A.},
	journal={Industrial \& Engineering Chemistry Research},
	volume={41},
	number={24},
	pages={5952--5957},
	year={2002},
	publisher={ACS Publications},
	url={https://doi.org/10.1021/ie020452f},
	doi={https://doi.org/10.1021/ie020452f}
}
@article{knuutila2010kinetics,
	title={Kinetics of the reaction of carbon dioxide with aqueous sodium and potassium carbonate solutions},
	author={Knuutila, H. and Juliussen, O. and Svendsen, H. F.},
	journal={Chemical Engineering Science},
	volume={65},
	number={23},
	pages={6077--6088},
	year={2010},
	publisher={Elsevier},
	url={https://doi.org/10.1016/j.ces.2010.07.018},
	doi={https://doi.org/10.1016/j.ces.2010.07.018}
}
@article{thee2012carbon,
	title={Carbon dioxide absorption into unpromoted and borate-catalyzed potassium carbonate solutions},
	author={Thee, H. and Smith, K. H. and da Silva, G. and Kentish, S. E. and Stevens, G. W.},
	journal={Chemical Engineering Journal},
	volume={181},
	pages={694--701},
	year={2012},
	publisher={Elsevier},
	url={https://doi.org/10.1016/j.cej.2011.12.059},
	doi={https://doi.org/10.1016/j.cej.2011.12.059}
}
@article{ye2014kinetics,
	title={Kinetics of {CO$_2$} absorption into uncatalyzed potassium carbonate-bicarbonate solutions: {E}ffects of {CO$_2$} loading and ionic strength in the solutions},
	author={Ye, X. and Lu, Y.},
	journal={Chemical Engineering Science},
	volume={116},
	pages={657--667},
	year={2014},
	publisher={Elsevier},
	url={https://doi.org/10.1016/j.ces.2014.05.050},
	doi={https://doi.org/10.1016/j.ces.2014.05.050}
}
@article{weisenberger1996estimation,
	title={Estimation of gas solubilities in salt solutions at temperatures from 273 {K} to 363 {K}},
	author={Weisenberger, S. and Schumpe, A.},
	journal={AIChE Journal},
	volume={42},
	number={1},
	pages={298--300},
	year={1996},
	url={https://doi.org/10.1002/aic.690420130},
	doi={https://doi.org/10.1002/aic.690420130}
}
@article{imle2013solubility,
	title={Solubility of carbon dioxide in activated potash solutions in the low and high gas loading regions},
	author={Imle, M. and Kumelan, J. and Speyer, D. and McCann, N. and Maurer, G. and Hasse, H.},
	journal={Industrial \& Engineering Chemistry Research},
	volume={52},
	number={37},
	pages={13477--13489},
	year={2013},
	publisher={ACS Publications},
	url={https://doi.org/10.1021/ie401835x},
	doi={https://doi.org/10.1021/ie401835x}
}
@article{haubrock2007applicability,
	title={The applicability of activities in kinetic expressions: A more fundamental approach to represent the kinetics of the system {CO}$_2$-{OH}$^-$-salt in terms of activities},
	author={Haubrock, J. and Hogendoorn, J. A. and Versteeg, G. F.},
	journal={Chemical Engineering Science},
	volume={62},
	number={21},
	pages={5753--5769},
	year={2007},
	publisher={Elsevier},
	url={https://doi.org/10.1016/j.ces.2007.06.018},
	doi={https://doi.org/10.1016/j.ces.2007.06.018}
}
@article{gustafsson2021beccs,
	title={{BECCS} with combined heat and power: {A}ssessing the energy penalty},
	author={Gustafsson, K. and Sadegh-Vaziri, R. and Gr{\"o}nkvist, S. and Levihn, F. and Sundberg, C.},
	journal={International Journal of Greenhouse Gas Control},
	volume={110},
	pages={103434},
	year={2021},
	publisher={Elsevier},
	url={https://doi.org/10.1016/j.ijggc.2020.103248},
	doi={https://doi.org/10.1016/j.ijggc.2020.103248}
}
@article{smith2014demonstration,
	title={Demonstration of a concentrated potassium carbonate process for {CO}$_2$ capture},
	author={Smith, K. and Xiao, G. and Mumford, K. and Gouw, J. and Indrawan, I. and Thanumurthy, N. and Quyn, D. and Cuthbertson, R. and Rayer, A. and Nicholas, N. and Lee, A. and da Silva, G. and Kentish, S. and Harkin, T. and Qader, A. and Anderson, C. and Hooper, B. and Stevens, G.},
	journal={Energy \& Fuels},
	volume={28},
	number={1},
	pages={299--306},
	year={2014},
	publisher={ACS Publications},
	url={https://doi.org/10.1021/ef4014746},
	doi={https://doi.org/10.1021/ef4014746}
}
@article{joosten1972solubility,
	title={Solubility and diffusivity of nitrous oxide in equimolar potassium carbonate-potassium bicarbonate solutions at 25 $^\circ${C} and 1 atm},
	author={Joosten, G. E. H. and Danckwerts, P. V.},
	journal={Journal of Chemical \& Engineering Data},
	volume={17},
	number={4},
	pages={452--454},
	year={1972},
	publisher={ACS Publications},
	url={https://doi.org/10.1021/je60055a016},
	doi={https://doi.org/10.1021/je60055a016}
}
@article{gonccalves1981viscosity,
	title={The viscosity of {Na$_2$CO$_3$} and {K$_2$CO$_3$} aqueous solutions in the range 20-60 $^\circ${C}},
	author={Gon{\c{c}}alves, F. A. and Kestin, J.},
	journal={International Journal of Thermophysics},
	volume={2},
	pages={315--322},
	year={1981},
	publisher={Springer},
	url={https://doi.org/10.1007/BF00498762},
	doi={https://doi.org/10.1007/BF00498762}
}
@article{livingston1930introduction,
	title={An introduction to chemical catalysis in homogeneous systems},
	author={Livingston, R.},
	journal={Journal of Chemical Education},
	volume={7},
	number={12},
	pages={2887},
	year={1930},
	publisher={ACS Publications},
	url={https://doi.org/10.1021/ed007p2887},
	doi={https://doi.org/10.1021/ed007p2887}
}
@article{roberts1962kinetics,
	title={Kinetics of {CO$_2$} absorption in alkaline solutions - {I} Transient absorption rates and catalysis by arsenite},
	author={Roberts, D. and Danckwerts, P. V.},
	journal={Chemical Engineering Science},
	volume={17},
	number={12},
	pages={961--969},
	year={1962},
	publisher={Elsevier},
	url={https://doi.org/10.1016/0009-2509(62)80074-8},
	doi={https://doi.org/10.1016/0009-2509(62)80074-8}
}
@article{nysing1958absorption,
	title={Absorption of {CO$_2$} in carbonate bicarbonate buffer solutions in a wetted wall column},
	author={Nysing, Ir. R. A. T. O. and Kramers, Ir. H.},
	journal={Chemical Engineering Science},
	volume={8},
	number={1-2},
	pages={81--89},
	year={1958},
	publisher={Elsevier},
	url={https://doi.org/10.1016/0009-2509(58)80039-1},
	doi={https://doi.org/10.1016/0009-2509(58)80039-1}
}
@article{kloosterman1987influence,
	title={Influence of ionic strength on the absorption of {CO}$_2$ in carbonate/bicarbonate buffer solutions},
	author={Kloosterman, E. G. and De Vries, S. M. and Kalsbeek, H. and Drinkenburg, B.},
	journal={Industrial \& Engineering Chemistry Research},
	volume={26},
	number={11},
	pages={2216--2222},
	year={1987},
	publisher={ACS Publications},
	url={https://doi.org/10.1021/ie00071a008},
	doi={https://doi.org/10.1021/ie00071a008}
}
@article{gur2022carbon,
	title={Carbon dioxide emissions, capture, storage and utilization: Review of materials, processes and technologies},
	author={G{\"u}r, T. M.},
	journal={Progress in Energy and Combustion Science},
	volume={89},
	pages={100965},
	year={2022},
	publisher={Elsevier},
	url={https://doi.org/10.1016/j.pecs.2021.100965},
	doi={https://doi.org/10.1016/j.pecs.2021.100965}
}
@article{bui2018carbon,
	title={Carbon capture and storage ({CCS}): {T}he way forward},
	author={Bui, M. and Adjiman, C. S. and Bardow, A. and Anthony, E. J. and Boston, A. and Brown, S. and Fennell, P. S. and Fuss, S. and Galindo, A. and Hackett, L. A. and Hallett, J. P. and Herzog, H. J. and Jackson, G. and Kemper, J. and Krevor, S. and Maitland G. C. and Matuszewski, N. and Metcalfe, I. S. and Petit, C. and Puxty, G. and Reimer, J. and Reiner, D. M. and Rubin E. S. and Scott, S. A. and Shah, N. and Smit, B. and Trusler, J. P. M. and Webley, P. and Wilcox, J. and Mac Dowell, N.},
	journal={Energy \& Environmental Science},
	volume={11},
	number={5},
	pages={1062--1176},
	year={2018},
	publisher={Royal Society of Chemistry},
	url={https://doi.org/10.1039/C7EE02342A},
	doi={https://doi.org/10.1039/C7EE02342A}
}
@article{zetterberg2021incentivizing,
	title={Incentivizing {BECCS} - a {S}wedish case study},
	author={Zetterberg, L. and Johnsson, F. and M{\"o}llersten, K.},
	journal={Frontiers in Climate},
	volume={3},
	pages={685227},
	year={2021},
	publisher={Frontiers Media SA},
	url={https://doi.org/10.3389/fclim.2021.685227},
	doi={https://doi.org/10.3389/fclim.2021.685227}
}
@techreport{sandalow2021biomass,
	title={Biomass carbon removal and storage ({BiRCS}) roadmap},
	author={Sandalow, D. and Aines, R. and Friedmann, J. and McCormick, C. and Sanchez, D. L.},
	year={2021},
	institution={Lawrence Livermore National Lab.(LLNL), Livermore, CA (United States)},
	url={https://doi.org/10.2172/1763937},
	doi={https://doi.org/10.2172/1763937}
}
@article{levihn2019introducing,
	title={Introducing {BECCS} through {HPC} to the research agenda: The case of combined heat and power in Stockholm},
	author={Levihn, F. and Linde, L. and Gustafsson, K. and Dahlen, E.},
	journal={Energy Reports},
	volume={5},
	pages={1381--1389},
	year={2019},
	publisher={Elsevier},
	url={https://doi.org/10.1016/j.egyr.2019.09.018},
	doi={https://doi.org/10.1016/j.egyr.2019.09.018}
}
@article{mumford2015review,
	title={Review of solvent based carbon-dioxide capture technologies},
	author={Mumford, K. A. and Wu, Y. and Smith, K. H. and Stevens, G. W.},
	journal={Frontiers of Chemical Science and Engineering},
	volume={9},
	pages={125--141},
	year={2015},
	publisher={Springer},
	url={https://doi.org/10.1007/s11705-015-1514-6},
	doi={https://doi.org/10.1007/s11705-015-1514-6}
}
@book{kothandaraman2010carbon,
	title={Carbon dioxide capture by chemical absorption: a solvent comparison study},
	author={Kothandaraman, A.},
	year={2010},
	publisher={Massachusetts Institute of Technology},
	url={http://hdl.handle.net/1721.1/59877}
}
@article{lin2016pilot,
	title={Pilot plant test of the advanced flash stripper for {CO$_2$} capture},
	author={Lin, Y. J. and Chen, E. and Rochelle, G. T.},
	journal={Faraday Discussions},
	volume={192},
	pages={37--58},
	year={2016},
	publisher={Royal Society of Chemistry},
	url={https://doi.org/10.1039/C6FD00029K},
	doi={https://doi.org/10.1039/C6FD00029K}
}
@article{harkin2012using,
	title={Using multi-objective optimisation in the design of {CO$_2$} capture systems for retrofit to coal power stations},
	author={Harkin, T. and Hoadley, A. and Hooper, B.},
	journal={Energy},
	volume={41},
	number={1},
	pages={228--235},
	year={2012},
	publisher={Elsevier},
	url={https://doi.org/10.1016/j.energy.2011.06.031},
	doi={https://doi.org/10.1016/j.energy.2011.06.031}
}
@article{IPCC2022,
	title={Summary for {P}olicymakers: Global {W}arming of 1.5 $^\circ${C}. {A}n {IPCC} {S}pecial {R}eport on the impacts of global warming of 1.5 $^\circ${C} above pre-industrial levels and related global greenhouse gas emission pathways, in the context of strengthening the global response to the threat of climate change, sustainable development, and efforts to eradicate poverty},
	journal={Cambridge University Press},
	author={Intergovernmental Panel on Climate Change (IPCC)},
	year={2022},
	pages={1-24},
	url={https://doi.org/10.1017/9781009157940.001},
	doi={https://doi.org/10.1017/9781009157940.001}
}
@incollection{smith2016inorganic,
	title={Inorganic salt solutions for post-combustion capture},
	author={Smith, K. H. and Nicholas, N. J. and Stevens, G. W.},
	booktitle={Absorption-Based Post-combustion Capture of Carbon Dioxide},
	pages={145--166},
	year={2016},
	publisher={Elsevier},
	url={https://doi.org/10.1016/B978-0-08-100514-9.00007-X},
	doi={https://doi.org/10.1016/B978-0-08-100514-9.00007-X}
}
@article{smith2012pre,
	title={Pre-combustion capture of {CO$_2$} - Results from solvent absorption pilot plant trials using 30 wt$\%$ potassium carbonate and boric acid promoted potassium carbonate solvent},
	author={Smith, K. H. and Anderson, C. J. and Tao, W. and Endo, K. and Mumford, K. A. and Kentish, S. E. and Qader, A. and Hooper, B. and Stevens, G. W.},
	journal={International Journal of Greenhouse Gas Control},
	volume={10},
	pages={64--73},
	year={2012},
	publisher={Elsevier},
	url={https://doi.org/10.1016/j.ijggc.2012.05.018},
	doi={https://doi.org/10.1016/j.ijggc.2012.05.018}
}
@article{perez2007solubility,
	title={Solubility of {CO$_2$} in aqueous solutions of {KC}l and in aqueous solutions of {K$_2$CO$_3$}},
	author={P{\'e}rez-Salado Kamps, {\'A}. and Meyer, E. and Rumpf, B. and Maurer, G.},
	journal={Journal of Chemical \& Engineering Data},
	volume={52},
	number={3},
	pages={817--832},
	year={2007},
	publisher={ACS Publications},
	url={https://doi.org/10.1021/je060430q},
	doi={https://doi.org/10.1021/je060430q}
}
@article{hikita1975kinetics,
	title={Kinetics of absorption of chlorine in aqueous acidic solutions of ferrous chloride},
	author={Hikita, H. and Asai, S. and Ishikawa, H. and Saito, Y.},
	journal={Chemical Engineering Science},
	volume={30},
	number={5-6},
	pages={607--616},
	year={1975},
	publisher={Elsevier},
	url={https://doi.org/10.1016/0009-2509(75)80033-9},
	doi={https://doi.org/10.1016/0009-2509(75)80033-9}
}
@book{gmehling2019chemical,
	title={Chemical thermodynamics for process simulation: second, completely revised and enlarged edition},
	author={Gmehling, J. and Kleiber, M. and Kolbe, B. and Rarey, J.},
	year={2019},
	publisher={John Wiley \& Sons}
}
@article{benson1954absorption,
	title = {{CO}$_2$ absorption employing hot potassium carbonate solutions},
	author = {Benson, H. E. and Field, J. H. and Jimeson, R. M.},
	journal = {Chemical Engineering Progress},
	number = {7},
	volume = {50},
	year = {1954}
}
@article{benson1956improved,
	title = {Improved process for {CO}$_2$ absorption uses hot carbonate solutions},
	author = {Benson, H. E. and Field, J. H. and Haynes, W. P.},
	journal = {Chemical Engineering Progress},
	number = {10},
	volume = {52},
	year = {1956}
}
@article{nicholas2014use,
	title={Use of vanadium ({V}) oxide as a catalyst for {CO}$_2$ hydration in potassium carbonate systems},
	author={Nicholas, N. J. and da Silva, G. and Kentish, S. and Stevens, G. W.},
	journal={Industrial \& Engineering Chemistry Research},
	volume={53},
	number={8},
	pages={3029--3039},
	year={2014},
	publisher={ACS Publications},
	url={https://doi.org/10.1021/ie403836e},
	doi={https://doi.org/10.1021/ie403836e}
}
@article{phan2014catalysis,
	title={Catalysis of {CO}$_2$ absorption in aqueous solution by inorganic oxoanions and their application to post combustion capture},
	author={Phan, D. T. and Maeder, M. and Burns, R. C. and Puxty, G.},
	journal={Environmental Science \& Technology},
	volume={48},
	number={8},
	pages={4623--4629},
	year={2014},
	publisher={ACS Publications},
	url={https://doi.org/10.1021/es500667s},
	doi={https://doi.org/10.1021/es500667s}
}
@article{ye2014co2,
	title={{CO}$_2$ absorption into catalyzed potassium carbonate-bicarbonate solutions: Kinetics and stability of the enzyme carbonic anhydrase as a biocatalyst},
	author={Ye, X. and Lu, Y.},
	journal={Chemical Engineering Science},
	volume={116},
	pages={567--575},
	year={2014},
	publisher={Elsevier},
	url={https://doi.org/10.1016/j.ces.2014.05.040},
	doi={https://doi.org/10.1016/j.ces.2014.05.040}
}
@article{peirce2018characterization,
	title={Characterization of technical grade carbonic anhydrase as biocatalyst for {CO}$_2$ capture in potassium carbonate solutions},
	author={Peirce, S. and Perfetto, R. and Russo, M.E. and Capasso, C. and Rossi, M. and Salatino, P. and Marzocchella, A.},
	journal={Greenhouse Gases: Science and Technology},
	volume={8},
	number={2},
	pages={279--291},
	year={2018},
	publisher={Wiley Online Library},
	url={https://doi.org/10.1002/ghg.1738},
	doi={https://doi.org/10.1002/ghg.1738}
}
@article{alper1980kinetics,
	title={Kinetics of absorption of {CO}$_2$ into buffer solutions containing carbonic anhydrase},
	author={Alper, E. and Deckwer, W. D.},
	journal={Chemical Engineering Science},
	volume={35},
	number={3},
	pages={549--557},
	year={1980},
	publisher={Elsevier},
	url={https://doi.org/10.1016/0009-2509(80)80003-0},
	doi={https://doi.org/10.1016/0009-2509(80)80003-0}
}
@article{cullinane2004carbon,
	title={Carbon dioxide absorption with aqueous potassium carbonate promoted by piperazine},
	author={Cullinane, J. T. and Rochelle, G. T.},
	journal={Chemical Engineering Science},
	volume={59},
	number={17},
	pages={3619--3630},
	year={2004},
	publisher={Elsevier},
	url={https://doi.org/10.1016/j.ces.2004.03.029},
	doi={https://doi.org/10.1016/j.ces.2004.03.029}
}
@article{portugal2009solubility,
	title={Solubility of carbon dioxide in aqueous solutions of amino acid salts},
	author={Portugal, A. F. and Sousa, J. M. and Magalhães, F. D. and Mendes, A.},
	journal={Chemical Engineering Science},
	volume={64},
	number={9},
	pages={1993--2002},
	year={2009},
	publisher={Elsevier},
	url={https://doi.org/10.1016/j.ces.2009.01.036},
	doi={https://doi.org/10.1016/j.ces.2009.01.036}
}
@article{thee2012kinetic,
	title={A kinetic and process modeling study of {CO}$_2$ capture with {MEA}-promoted potassium carbonate solutions},
	author={Thee, H. and Suryaputradinata, Y. A. and Mumford, K. A. and Smith, K. H. and da Silva, G. and Kentish, S. E. and Stevens, G. W.},
	journal={Chemical Engineering Journal},
	volume={210},
	pages={271--279},
	year={2012},
	publisher={Elsevier},
	url={https://doi.org/10.1016/j.cej.2012.08.092},
	doi={https://doi.org/10.1016/j.cej.2012.08.092}
}
@misc{eickmeyer1984removal,
	title={Removal of {CO}$_2$ from gas mixtures},
	author={Eickmeyer, A. G.},
	year={1984},
	month=feb # "~7",
	publisher={Google Patents},
	note={{US} {P}atent 4,430,312}
}
@article{floyd2013evaluation,
	title={Evaluation of a carbonic anhydrase mimic for industrial carbon capture},
	author={Floyd III, W. C. and Baker, S. E. and Valdez, C. A. and Stolaroff, J. K. and Bearinger, J. P. and Satcher Jr, J. H. and Aines, R. D.},
	journal={Environmental Science \& Technology},
	volume={47},
	number={17},
	pages={10049--10055},
	year={2013},
	publisher={ACS Publications},
	url={https://doi.org/10.1021/es401336f},
	doi={https://doi.org/10.1021/es401336f}
}

@article{hu2016carbon,
	title={Carbon dioxide absorption into promoted potassium carbonate solutions: {A} review},
	author={Hu, G. and Nicholas, N. J. and Smith, K. H. and Mumford, K. A. and Kentish, S. E. and Stevens, G. W.},
	journal={International Journal of Greenhouse Gas Control},
	volume={53},
	pages={28--40},
	year={2016},
	publisher={Elsevier},
	url={https://doi.org/10.1016/j.ijggc.2016.07.020},
	doi={https://doi.org/10.1016/j.ijggc.2016.07.020}
}
@article{schafer2012experimental,
	title={An experimental investigation of the influence of vanadium pentoxide on the solubility of {CO}$_2$ in aqueous solutions of potassium carbonate},
	author={Sch{\"a}fer, D. and P{\'e}rez-Salado Kamps, {\'A}. and Rumpf, B. and Maurer, G.},
	journal={Journal of Chemical \& Engineering Data},
	volume={57},
	number={10},
	pages={2902--2906},
	year={2012},
	publisher={ACS Publications},
	url={https://doi.org/10.1021/je3008364},
	doi={https://doi.org/10.1021/je3008364}
}
@article{cents2005co2,
	title={{CO}$_2$ absorption in carbonate/bicarbonate solutions: {T}he {D}anckwerts-criterion revisited},
	author={Cents, A. H. G. and Brilman, D. W. F. and Versteeg, G. F.},
	journal={Chemical Engineering Science},
	volume={60},
	number={21},
	pages={5830--5835},
	year={2005},
	publisher={Elsevier},
	url={https://doi.org/10.1016/j.ces.2005.05.020},
	doi={https://doi.org/10.1016/j.ces.2005.05.020}
}
@article{qinghua1992catalytic,
	title={Catalytic activity of vanadium pentoxide for the absorption of carbon dioxide by potassium carbonate solution},
	author={Qinghua, L. and Jinlin, T. and Yajun, S.},
	journal={Acta Physico-Chimica Sinica},
	volume={8},
	number={6},
	pages={753--759},
	year={1992},
	url={https://doi.org/10.3866/PKU.WHXB19920608},
	doi={https://doi.org/10.3866/PKU.WHXB19920608}
}
@article{mccann2015carbonate,
	title={Carbonate complexes of vanadate},
	author={McCann, N. and Imle, M. and Hasse, H.},
	journal={Polyhedron},
	volume={95},
	pages={81--85},
	year={2015},
	publisher={Elsevier},
	url={https://doi.org/10.1016/j.poly.2015.03.004},
	doi={https://doi.org/10.1016/j.poly.2015.03.004}
}
@article{mccann2013thermodynamic,
	title={A thermodynamic model for vanadate in aqueous solution--equilibria and reaction enthalpies},
	author={McCann, N. and Wagner, M. and Hasse, H.},
	journal={Dalton Transactions},
	volume={42},
	number={7},
	pages={2622--2628},
	year={2013},
	publisher={Royal Society of Chemistry},
	url={https://doi.org/10.1039/C2DT31993D},
	doi={https://doi.org/10.1039/C2DT31993D}
}
@article{vazquez1997enhancement,
	title={Enhancement of the absorption of {CO}$_2$ in alkaline buffers by organic solutes: relation with degree of dissociation and molecular {OH} density},
	author={V{\'a}zquez, G. and Chenlo, F. and Pereira, G.},
	journal={Industrial \& Engineering Chemistry Research},
	volume={36},
	number={6},
	pages={2353--2358},
	year={1997},
	publisher={ACS Publications},
	url={https://doi.org/10.1021/ie9606350},
	doi={https://doi.org/10.1021/ie9606350}
}
@article{lu2011development,
	title={Development of a carbonate absorption-based process for post-combustion {CO}$_2$ capture: the role of biocatalyst to promote {CO}$_2$ absorption rate},
	author={Lu, Y. and Ye, X. and Zhang, Z. and Khodayari, A. and Djukadi, T.},
	journal={Energy Procedia},
	volume={4},
	pages={1286--1293},
	year={2011},
	publisher={Elsevier},
	url={https://doi.org/10.1016/j.egypro.2011.01.185},
	doi={https://doi.org/10.1016/j.egypro.2011.01.185}
}
@article{fradette2017demonstration,
	title={Demonstration results of enzyme-accelerated {CO}$_2$ capture},
	author={Fradette, L. and Lefebvre, S. and Carley, J.},
	journal={Energy Procedia},
	volume={114},
	pages={1100--1109},
	year={2017},
	publisher={Elsevier},
	url={https://doi.org/10.1016/j.egypro.2017.03.1263},
	doi={https://doi.org/10.1016/j.egypro.2017.03.1263}
}
@misc{giammarco1962method,
	title={Method of separating and recovering carbon dioxide from gaseous mixtures},
	author={Giammarco, G.},
	year={1962},
	month=jun # "~5",
	publisher={Google Patents},
	note={{US} {P}atent 3,037,844}
}
@article{zhang2013corrosion,
	title={Corrosion of steel by carbonate-bicarbonate solution for {CO}$_2$ capture},
	author={Zhang, J. and Martin, F. J.},
	journal={Materials and Corrosion},
	volume={64},
	number={5},
	pages={388--393},
	year={2013},
	publisher={Wiley Online Library},
	url={https://doi.org/10.1002/maco.201106235},
	doi={https://doi.org/10.1002/maco.201106235}
}
@misc{eickmeyer1975method,
	title={Method and compositions for removing acid gases from gaseous mixtures and reducing corrosion of ferrous surface areas in gas purification systems},
	author={Eickmeyer, A. G.},
	year={1975},
	month=jul # "~22",
	publisher={Google Patents},
	note={{US} {P}atent 3,896,212}
}
@inproceedings{scott1987corrosion,
	author = {Scott, B. and Daniels, J. R. and Chao, I.},
	title = {Corrosion History of a Hot Pot {CO}$_2$ Absorber},
	booktitle = {{AIC}h{E} {S}ymposium on {S}afety in {A}mmonia and {R}elated {F}acilities},
	year = {1987},
	paper = {23},
	pages = {127--134}
}
@misc{field1975separation,
	title={Separation of {CO}$_2$ from gas mixtures},
	author={Eickmeyer, A. G.},
	year={1975},
	month=jun # "~28",
	publisher={Google Patents},
	note={{US} {P}atent 3,907,969}
}
@article{phan2015catalysis,
	title={Catalysis of {CO}$_2$ absorption in aqueous solution by vanadate and sulfate and their application to post combustion capture},
	author={Phan, D. T. and Maeder, M. and Burns, R. C. and Puxty, G.},
	journal={International Journal of Greenhouse Gas Control},
	volume={36},
	pages={60--65},
	year={2015},
	publisher={Elsevier},
	url={https://doi.org/10.1016/j.ijggc.2015.02.013},
	doi={https://doi.org/10.1016/j.ijggc.2015.02.013}
}
@article{astarita1981promotion,
	title={Promotion of {CO}$_2$ mass transfer in carbonate solutions},
	author={Astarita, G. and Savage, D. W. and Longo, J. M.},
	journal={Chemical Engineering Science},
	volume={36},
	number={3},
	pages={581--588},
	year={1981},
	publisher={Elsevier},
	url={https://doi.org/10.1016/0009-2509(81)80146-7},
	doi={https://doi.org/10.1016/0009-2509(81)80146-7}
}
@incollection{crans1998chemistry,
	title={The chemistry of vanadium in aqueous and nonaqueous solution},
	author={Crans, D. C. and Tracey, A. S.},
	year={1998},
	publisher={ACS Publications},
	booktitle={Vanadium Compounds: Chemistry, Biochemistry, and Therapeutic Applications},
	url={https://doi.org/10.1021/bk-1998-0711.ch001},
	doi={https://doi.org/10.1021/bk-1998-0711.ch001}
}
@article{wang2010comprehensive,
	title={Comprehensive study of the hydration and dehydration reactions of carbon dioxide in aqueous solution},
	author={Wang, X. and Conway, W. and Burns, R. and McCann, N. and Maeder, M.},
	journal={The Journal of Physical Chemistry A},
	volume={114},
	number={4},
	pages={1734--1740},
	year={2010},
	publisher={ACS Publications},
	url={https://doi.org/10.1021/jp909019u},
	doi={https://doi.org/10.1021/jp909019u}
}
@article{sharma1963catalysis,
	title={Catalysis by {B}r{\"o}nsted bases of the reaction between {CO}$_2$ and water},
	author={Sharma, M. M. and Danckwerts, P. V.},
	journal={Transactions of the Faraday Society},
	volume={59},
	pages={386--395},
	year={1963},
	publisher={Royal Society of Chemistry},
	url={https://doi.org/10.1039/TF9635900386},
	doi={https://doi.org/10.1039/TF9635900386}
}
@letter{danckwerts1981promotion,
	title = {Promotion of {CO}$_2$ mass-transfer in carbonate solutions},
	journal = {Chemical Engineering Science},
	volume = {36},
	number = {10},
	pages = {1741--1742},
	year = {1981},
	author = {Danckwerts, P. V.},
	url={https://doi.org/10.1016/0009-2509(81)80023-1},
	doi={https://doi.org/10.1016/0009-2509(81)80023-1}
}
@article{danckwerts1979reaction,
	title={The reaction of {CO}$_2$ with ethanolamines},
	author={Danckwerts, P. V.},
	journal={Chemical Engineering Science},
	volume={34},
	number={4},
	pages={443--446},
	year={1979},
	publisher={Elsevier},
	url={https://doi.org/10.1016/0009-2509(79)85087-3},
	doi={https://doi.org/10.1016/0009-2509(79)85087-3}
}
@article{du2024review,
	title={Review on post-combustion {CO}$_2$ capture by amine blended solvents and aqueous ammonia},
	author={Du, J. and Yang, W. and Xu, L. and Bei, L. and Lei, S. and Li, W. and Liu, H. and Wang, B. and Sun, L.},
	journal={Chemical Engineering Journal},
	pages={150954},
	year={2024},
	publisher={Elsevier},
	url={https://doi.org/10.1016/j.cej.2024.150954},
	doi={https://doi.org/10.1016/j.cej.2024.150954}
}
@article{knuutila2009co2,
	title={{CO}$_2$ capture from coal-fired power plants based on sodium carbonate slurry; a systems feasibility and sensitivity study},
	author={Knuutila, H. and Svendsen, H. F. and Anttila, M.},
	journal={International Journal of Greenhouse Gas Control},
	volume={3},
	number={2},
	pages={143--151},
	year={2009},
	publisher={Elsevier},
	url={https://doi.org/10.1016/j.ijggc.2008.06.006},
	doi={https://doi.org/10.1016/j.ijggc.2008.06.006}
}
@article{kunze2015reactive,
	title={Reactive absorption of {CO}$_2$ into enzyme accelerated solvents: {F}rom laboratory to pilot scale},
	author={Kunze, A. K. and Dojchinov, G. and Haritos, V. S. and Lutze, P.},
	journal={Applied Energy},
	volume={156},
	pages={676--685},
	year={2015},
	publisher={Elsevier},
	url={https://doi.org/10.1016/j.apenergy.2015.07.033},
	doi={https://doi.org/10.1016/j.apenergy.2015.07.033}
}
@article{zanco2021postcombustion,
	title={Postcombustion {CO}$_2$ capture: a comparative techno-economic assessment of three technologies using a solvent, an adsorbent, and a membrane},
	author={Zanco, S. E. and P{\'e}rez-Calvo, J. F. and Gas{\'o}s, A. and Cordiano, B. and Becattini, V. and Mazzotti, M.},
	journal={ACS Engineering Au},
	volume={1},
	number={1},
	pages={50--72},
	year={2021},
	publisher={ACS Publications},
	url={https://doi.org/10.1021/acsengineeringau.1c00002},
	doi={https://doi.org/10.1021/acsengineeringau.1c00002}
}
@incollection{rogelj2018mitigation,
	title={Mitigation pathways compatible with 1.5 $^\circ${C} in the context of sustainable development},
	author={Rogelj, J. and Shindell, D. and Jiang, K. and Fifita, S. and Forster, P. and Ginzburg, V. and Handa, C. and Kheshgi, H. and Kobayashi, S. and Kriegler, E. and Mundaca, L. and Séférian, R. and Vilariño, M. V.},
	booktitle={Global warming of 1.5 $^\circ${C}},
	pages={93--174},
	year={2018},
	publisher={Intergovernmental Panel on Climate Change}
}
@article{van2018alternative,
	title={Alternative pathways to the 1.5 $^\circ${C} target reduce the need for negative emission technologies},
	author={van Vuuren, D. P. and Stehfest, E. and Gernaat, D. E. H. J. and van den Berg, M. and Bijl, D. L. and de Boer, H. S. and Daioglou, V. and Doelman, J. C. and Edelenbosch, O. Y. and Harmsen, M. and Hof, A. F. and van Sluisvel, M. A. E.},
	journal={Nature Climate Change},
	volume={8},
	number={5},
	pages={391--397},
	year={2018},
	publisher={Nature Publishing Group UK London},
	url={https://doi.org/10.1038/s41558-018-0119-8},
	doi={https://doi.org/10.1038/s41558-018-0119-8}
}
@article{anderson2013developments,
	title={Developments in the {CO2CRC UNO MK 3} process: {A} multi-component solvent process for large scale {CO$_2$} capture},
	author={Anderson, C. and Harkin, T. and Ho, M. and Mumford, K. and Qader, A. and Stevens, G. and Hooper, B.},
	journal={Energy Procedia},
	volume={37},
	pages={225--232},
	year={2013},
	publisher={Elsevier},
	url={https://doi.org/10.1016/j.egypro.2013.05.106},
	doi={https://doi.org/10.1016/j.egypro.2013.05.106}
}
@article{luis2016use,
	title={Use of monoethanolamine ({MEA}) for {CO$_2$} capture in a global scenario: {C}onsequences and alternatives},
	author={Luis, P.},
	journal={Desalination},
	volume={380},
	pages={93--99},
	year={2016},
	publisher={Elsevier},
	url={https://doi.org/10.1016/j.desal.2015.08.004},
	doi={https://doi.org/10.1016/j.desal.2015.08.004}
}
@article{tseng1988carbon,
	title={Carbon dioxide absorption into promoted carbonate solutions},
	author={Tseng, P. C. and Ho, W. S. and Savage, D. W.},
	journal={AIChE Journal},
	volume={34},
	number={6},
	pages={922--931},
	year={1988},
	publisher={Wiley Online Library},
	url={https://doi.org/10.1002/aic.690340604},
	doi={https://doi.org/10.1002/aic.690340604}
}
@article{mirzaei2025experiments,
	title={Experiments and kinetic modeling of absorption rates of {CO$_2$} into unpromoted {K$_2$CO$_3$} solutions at low to high solvent loading},
	author={Mirzaei, N. and Walthert, F. and Kantarelis, E. and Babler, M. U.},
	journal={Separation and Purification Technology},
	pages={134622},
	year={2025},
	publisher={Elsevier},
	url={https://doi.org/10.1016/j.seppur.2025.134622},
	doi={https://doi.org/10.1016/j.seppur.2025.134622}
}

@article{garthwaite1994interpretation,
	title={An interpretation of partial least squares},
	author={Garthwaite, P. H.},
	journal={Journal of the American Statistical Association},
	volume={89},
	number={425},
	pages={122--127},
	year={1994},
	publisher={Taylor \& Francis},
	url={https://doi.org/10.1080/01621459.1994.10476452},
	doi={https://doi.org/10.1080/01621459.1994.10476452}
}
@techreport{Rochelle2004_q2,
	author={ Rochelle, G. T. and Chen, E. and Cullinane, J. T. and  Hilliard, M. and Lu, J. and Oyenekan, B. and Dugas, R.},
	title ={{CO$_2$ Capture by absorption with potassium carbonate}},
	series={{Quarterly Progress Report}},
	volume={April 1 to June 30, 2004},
	institution={{U.S. Department of Energy}},
	year={2004},
	url={https://doi.org/10.2172/829575},
	doi={https://doi.org/10.2172/829575}  
}
@incollection{bucholz2015development,
	author={Bucholz, T. L. and Hulvey, M. K. and Reardon, J. P. and Rambo, B. M. and Pulvirenti, D. C. and Weber, L. E. and Zaks, A.},
	title={{Development of an organosilica coating containing carbonic anhydrase for applications in CO$_2$ capture}},
	booktitle={Novel Materials for Carbon Dioxide Mitigation Technology},
	editor={Shi, Fan and Morreale, Bryan},
	pages={117--147},
	chapter={4},
	year={2015},
	publisher={Elsevier},
	url={https://doi.org/10.1016/B978-0-444-63259-3.00004-5},
	doi={https://doi.org/10.1016/B978-0-444-63259-3.00004-5}
}
@article{baruah2007simple,
	title={Simple oxovanadates as multiparameter probes of reverse micelles},
	author={Baruah, B. and Crans, D. C. and Levinger, N. E.},
	journal={Langmuir},
	volume={23},
	number={12},
	pages={6510--6518},
	year={2007},
	publisher={ACS Publications},
	url={https://doi.org/10.1021/la063072y},
	doi={https://doi.org/10.1021/la063072y}
}
@article{gondal2015kinetics,
	title={Kinetics of the absorption of carbon dioxide into aqueous hydroxides of lithium, sodium and potassium and blends of hydroxides and carbonates},
	author={Gondal, S. and Asif, N. and Svendsen, H. F. and Knuutila, H.},
	journal={Chemical Engineering Science},
	volume={123},
	pages={487--499},
	year={2015},
	publisher={Elsevier},
	url={https://doi.org/10.1016/j.ces.2014.10.038},
	doi={https://doi.org/10.1016/j.ces.2014.10.038}
}
@article{meier1990voltammetrische,
	title={Voltammetrische und spektroskopische Untersuchungen zur Komplexbildung von {V}anadium ({IV}) und {V}anadium ({V}) mit {C}arbonat},
	author={Meier, R. and Werner, G. and Kirmse, R. and Stach, J. and Dunsch, L.},
	journal={Zeitschrift f{\"u}r anorganische und allgemeine Chemie},
	volume={583},
	number={1},
	pages={209--222},
	year={1990},
	publisher={Wiley Online Library},
	url={https://doi.org/10.1002/zaac.19905830126},
	doi={https://doi.org/10.1002/zaac.19905830126}
}
@article{wold2001pls,
	title={{PLS}-regression: a basic tool of chemometrics},
	author={Wold, S. and Sj{\"o}str{\"o}m, M. and Eriksson, L.},
	journal={Chemometrics and Intelligent Laboratory Systems},
	volume={58},
	number={2},
	pages={109--130},
	year={2001},
	publisher={Elsevier},
	url={https://doi.org/10.1016/S0169-7439(01)00155-1},
	doi={https://doi.org/10.1016/S0169-7439(01)00155-1}
}
@book{arnaut2021chemical,
	title={Chemical kinetics: from molecular structure to chemical reactivity (Second Edition)},
	author={Arnaut, L.},
	year={2021},
	publisher={Elsevier},
	edition = {Second Edition}
}
@article{beiron2022techno,
	title={A techno-economic assessment of {CO}$_2$ capture in biomass and waste-fired combined heat and power plants--{A} {S}wedish case study},
	author={Beiron, J. and Normann, F. and Johnsson, F.},
	journal={International Journal of Greenhouse Gas Control},
	volume={118},
	pages={103684},
	year={2022},
	publisher={Elsevier},
	url={https://doi.org/10.1016/j.ijggc.2022.103684},
	doi={https://doi.org/10.1016/j.ijggc.2022.103684}
}
@techreport{exergi2019,
	title={Genomf\"{o}rbarhetsstudie f\"{o}r koldioxidavskiljning vid biobr\"{a}nsleeldade kraftv\"{a}rmeverk ({BECCS})},
	author={Alsparr, J. and Gustafsson, K. and Jedeur-Palmgren, M. and Jones, M.},
	year={2019},
	institution={{Swedish Energy Agency}}
}
@techreport{soder2024,
	title={F\"{o}rdjupade milj\"{o}studier f\"{o}r bio-{CCS} p{\aa} Igelsta},
	author={Bodinson, L. and Ek Wahlqvist, J. and Dj\"{a}rv, J. and Heilborn, D. and Gustafsson, A. and Tolg\'{e}n, I.},
	year={2024},
	institution={{Swedish Energy Agency}}
}
@article{rochelle2024air,
	title={Air pollution impacts of amine scrubbing for {CO}$_2$ capture},
	author={Rochelle, G. T.},
	journal={Carbon Capture Science \& Technology},
	volume={11},
	pages={100192},
	year={2024},
	publisher={Elsevier},
	url={https://doi.org/10.1016/j.ccst.2024.100192},
	doi={https://doi.org/10.1016/j.ccst.2024.100192}
}
@article{thee2014kinetic,
	title={A kinetic study of {CO}$_2$ capture with potassium carbonate solutions promoted with various amino acids: {G}lycine, sarcosine and proline},
	author={Thee, H. and Nicholas, N. J. and Smith, K. H. and da Silva, G. and Kentish, S. E. and Stevens, G. W.},
	journal={International Journal of Greenhouse Gas Control},
	volume={20},
	pages={212--222},
	year={2014},
	publisher={Elsevier},
	url={https://doi.org/10.1016/j.ijggc.2013.10.027},
	doi={https://doi.org/10.1016/j.ijggc.2013.10.027}
}
@article{li2019experimental,
	title={Experimental studies on carbon dioxide absorption using potassium carbonate solutions with amino acid salts},
	author={Li, Y. and Wang, L. and Tan, Z. and Zhang, Z. and Hu, X.},
	journal={Separation and Purification Technology},
	volume={219},
	pages={47--54},
	year={2019},
	publisher={Elsevier},
	url={https://doi.org/10.1016/j.seppur.2019.03.010},
	doi={https://doi.org/10.1016/j.seppur.2019.03.010}
}
@article{hu2017screening,
	title={Screening amino acid salts as rate promoters in potassium carbonate solvent for carbon dioxide absorption},
	author={Hu, G. and Smith, K. H. and Wu, Y. and Kentish, S. E. and Stevens, G. W.},
	journal={Energy \& fuels},
	volume={31},
	number={4},
	pages={4280--4286},
	year={2017},
	publisher={ACS Publications},
	url={https://doi.org/10.1021/acs.energyfuels.7b00157},
	doi={https://doi.org/10.1021/acs.energyfuels.7b00157}
}
@article{kim2024alpha,
	title={Alpha effect-driven enhancement of {CO$_2$} capture kinetics and size-controlled {NaHCO$_3$} crystals: {P}romoter-added {NaOH} absorbent study},
	author={Kim, E. and Lee, S. and Lee, D. and Jang, K. and Park, J. and Choi, W. Y.},
	journal={Separation and Purification Technology},
	volume={343},
	pages={126943},
	year={2024},
	publisher={Elsevier},
	url={https://doi.org/10.1016/j.seppur.2024.126943},
	doi={https://doi.org/10.1016/j.seppur.2024.126943}
}
@article{dimitriadi2025pilot,
	title = {Pilot-Scale {CO}$_2$ capture in a cement plant with {CESAR1}: {Emission} control with acid wash and absorber intercooling},
	journal = {Separation and Purification Technology},
	volume = {374},
	pages = {133693},
	year = {2025},
	issn = {1383-5866},
	author = {Dimitriadi, M. and Appelquist Løge, I. and Neerup, R. and Jensen, S. and Lindkvist Karlsson J. and Piilmann Brorholt, L. and Bræstrup, F. and Halilov, H. and Nis Bay Villadsen, S. and Abildskov, J. and Fosbøl, P. L.},
	publisher = {Elsevier},
	url={https://doi.org/10.1016/j.seppur.2025.133693},
	doi={https://doi.org/10.1016/j.seppur.2025.133693}
}
@article{guo2011borate,
	title={Borate-catalyzed carbon dioxide hydration via the carbonic anhydrase mechanism},
	author={Guo, D. and Thee, H. and da Silva, G. and Chen, J. and Fei, W. and Kentish, S. and Stevens, G. W.},
	journal={Environmental Science \& Technology},
	volume={45},
	number={11},
	pages={4802--4807},
	year={2011},
	publisher={ACS Publications},
	url={https://doi.org/10.1021/es200590m},
	doi={https://doi.org/10.1021/es200590m}
}
@article{schafer2013experimental,
	author = {Sch{\"a}fer, D. and P{\'e}rez-Salado Kamps, {\'A}. and Rumpf, B. and Maurer, G.},
	year = {2013},
	month = {03},
	pages = {127-133},
	title = {Experimental investigation on the influence of boric acid on the solubility of carbon dioxide in aqueous solutions of potassium hydroxide},
	journal = {Vestnik Sankt-Peterburgskogo universiteta, Seriia 7: Geologia, G},
	issue={1}
}
@article{mirzaei2023screening,
	title={Screening Study of Potassium Carbonate Solvents for Bio-Energy Carbon Capture and Storage ({BECCS})},
	author={Mirzaei, N. and Babu, A. and Kantarelis, E. and B{\"a}bler, M. U.},
	journal={Chemical Engineering Transactions},
	volume={105},
	pages={157--162},
	year={2023},
	doi={https://doi.org/10.3303/CET23105027},
	url={https://doi.org/10.3303/CET23105027}
}
@techreport{tosh1959equilibrium,
	author = {Tosh, J. S. and Field, J. H. and Benson, H. E. and Haynes, W. P.},
	title = {Equilibrium study of the system potassium carbonate, potassium bicarbonate, carbon dioxide, and water},
	institution = {Bureau of Mines, Pittsburgh, Pa. (USA)},
	url = {https://www.osti.gov/biblio/7199456},
	place = {United States},
	year = {1958},
	month = {12}
}
@article{rashwan2025direct,
	title={Direct observation of carbon dioxide adsorption and binding at the air/aqueous interface},
	author={Rashwan, M. and Mao, Z. and Hirschi, J. S. and Zuehlsdorff, T. J. and Nyman, M. and Uysal, A.},
	journal={PNAS nexus},
	volume={4},
	number={3},
	pages={pgaf064},
	year={2025},
	publisher={Oxford University Press US},
	doi={https://doi.org/10.1093/pnasnexus/pgaf064},
	url={https://doi.org/10.1093/pnasnexus/pgaf064}
}
@article{cullinane2006kinetics,
	title={Kinetics of carbon dioxide absorption into aqueous potassium carbonate and piperazine},
	author={Cullinane, J. T. and Rochelle, G. T.},
	journal={Industrial \& Engineering Chemistry Research},
	volume={45},
	number={8},
	pages={2531--2545},
	year={2006},
	publisher={ACS Publications},
	url={https://doi.org/10.1021/ie050230s},
	doi={https://doi.org/10.1021/ie050230s}
}
@article{mirzaei2025kinetic,
	title={Kinetic and mechanistic study of {CO$_2$} absorption into vanadium-promoted aqueous {K$_2$CO$_3$}},
	author={Mirzaei, N. and Babler, M. U.},
	journal={Submitted}
}
