@article{imle2013solubility,
	title={Solubility of carbon dioxide in activated potash solutions in the low and high gas loading regions},
	author={Imle, M. and Kumelan, J. and Speyer, D. and McCann, N. and Maurer, G. and Hasse, H.},
	journal={Industrial \& Engineering Chemistry Research},
	volume={52},
	number={37},
	pages={13477--13489},
	year={2013},
	publisher={ACS Publications},
	url={https://doi.org/10.1021/ie401835x},
	doi={https://doi.org/10.1021/ie401835x}
}
@article{mirzaei2025kinetic,
	title={Kinetic and mechanistic study of {CO$_2$} absorption into vanadium-promoted aqueous {K$_2$CO$_3$}},
	author={Mirzaei, N. and Babler, M. U.},
	journal={Submitted}
}
